<?xml version="1.0" encoding="UTF-8"?><collection xmlns="http://www.loc.gov/MARC21/slim"><record><leader>00359nam--2200121-i-4500</leader><controlfield tag="001">000005646</controlfield><controlfield tag="002">20161230</controlfield><controlfield tag="005">20161230201026</controlfield><controlfield tag="008">060222s1000------------r-----000-0-eng-d</controlfield><datafield ind1=" " ind2=" " tag="245"><subfield code="a">Calirea prin curenti de inalta frecventa a div erselor organe de masini</subfield></datafield><datafield ind1=" " ind2=" " tag="260"><subfield code="a">Bucuresti,I.D.T., 1961. 11 P</subfield></datafield><datafield ind1=" " ind2=" " tag="490"><subfield code="a">Din Experienta Fruntasilor In Productie</subfield></datafield><datafield ind1=" " ind2=" " tag="852"><subfield code="a">1926</subfield></datafield></record></collection>